[gd_scene load_steps=13 format=2]

[ext_resource path="res://Scripts/Coin.gd" type="Script" id=1]
[ext_resource path="res://GFX/Items/bronze_1.png" type="Texture" id=2]
[ext_resource path="res://GFX/Items/bronze_2.png" type="Texture" id=3]
[ext_resource path="res://GFX/Items/bronze_3.png" type="Texture" id=4]
[ext_resource path="res://GFX/Items/bronze_4.png" type="Texture" id=5]
[ext_resource path="res://GFX/Items/bronze_5.png" type="Texture" id=6]
[ext_resource path="res://GFX/Items/bronze_6.png" type="Texture" id=7]
[ext_resource path="res://SFX/coin_SFX.wav" type="AudioStream" id=8]

[sub_resource type="SpriteFrames" id=1]

animations = [ {
"frames": [ ExtResource( 2 ), ExtResource( 3 ), ExtResource( 4 ), ExtResource( 5 ), ExtResource( 6 ), ExtResource( 7 ) ],
"loop": true,
"name": "default",
"speed": 6.0
}, {
"frames": [ ExtResource( 2 ), ExtResource( 3 ), ExtResource( 4 ), ExtResource( 5 ), ExtResource( 6 ), ExtResource( 7 ) ],
"loop": true,
"name": "fast",
"speed": 36.0
} ]

[sub_resource type="CircleShape2D" id=2]

custom_solver_bias = 0.0
radius = 43.0739

[sub_resource type="Animation" id=3]

resource_name = "Pickup"
length = 0.5
loop = false
step = 0.1
tracks/0/type = "transform"
tracks/0/path = NodePath(".")
tracks/0/interp = 1
tracks/0/loop_wrap = true
tracks/0/imported = false
tracks/0/enabled = true
tracks/0/keys = PoolRealArray(  )
tracks/1/type = "value"
tracks/1/path = NodePath("AnimatedSprite:position")
tracks/1/interp = 1
tracks/1/loop_wrap = true
tracks/1/imported = false
tracks/1/enabled = true
tracks/1/keys = {
"times": PoolRealArray( 0, 0.3 ),
"transitions": PoolRealArray( 1, 1 ),
"update": 0,
"values": [ Vector2( 0, 0 ), Vector2( 0, -170 ) ]
}
tracks/2/type = "value"
tracks/2/path = NodePath("AnimatedSprite:modulate")
tracks/2/interp = 1
tracks/2/loop_wrap = true
tracks/2/imported = false
tracks/2/enabled = true
tracks/2/keys = {
"times": PoolRealArray( 0, 0.3, 0.5 ),
"transitions": PoolRealArray( 1, 1, 1 ),
"update": 0,
"values": [ Color( 1, 1, 1, 1 ), Color( 1, 1, 1, 1 ), Color( 1, 1, 1, 0 ) ]
}
tracks/3/type = "method"
tracks/3/path = NodePath(".")
tracks/3/interp = 1
tracks/3/loop_wrap = true
tracks/3/imported = false
tracks/3/enabled = true
tracks/3/keys = {
"times": PoolRealArray( 0, 0.5 ),
"transitions": PoolRealArray( 1, 1 ),
"values": [ {
"args": [  ],
"method": "faster_animation"
}, {
"args": [  ],
"method": "queue_free"
} ]
}

[sub_resource type="Animation" id=4]

resource_name = "Wobble"
length = 1.0
loop = true
step = 0.05
tracks/0/type = "value"
tracks/0/path = NodePath("AnimatedSprite:position")
tracks/0/interp = 1
tracks/0/loop_wrap = true
tracks/0/imported = false
tracks/0/enabled = true
tracks/0/keys = {
"times": PoolRealArray( 0, 0.2, 0.3, 0.5, 0.7, 0.8, 0.995141, 1 ),
"transitions": PoolRealArray( 1, 1, 1, 1, 1, 1, 1, 1 ),
"update": 0,
"values": [ Vector2( 0, 0 ), Vector2( 0, -10 ), Vector2( 0, -10 ), Vector2( 0, 0 ), Vector2( 0, 10 ), Vector2( 0, 10 ), Vector2( 0, 0 ), Vector2( 0, 0 ) ]
}

[node name="Coin" type="Area2D"]

position = Vector2( 145.468, 86.0622 )
input_pickable = true
gravity_vec = Vector2( 0, 1 )
gravity = 98.0
linear_damp = 0.1
angular_damp = 1.0
collision_layer = 8
audio_bus_override = false
audio_bus_name = "Master"
script = ExtResource( 1 )
_sections_unfolded = [ "Collision", "Visibility" ]
__meta__ = {
"_edit_group_": true
}

[node name="AnimatedSprite" type="AnimatedSprite" parent="." index="0"]

position = Vector2( 0, -9.28217 )
frames = SubResource( 1 )
animation = "default"
_sections_unfolded = [ "Visibility" ]

[node name="CollisionShape2D" type="CollisionShape2D" parent="." index="1"]

visible = false
shape = SubResource( 2 )

[node name="AnimationPlayer" type="AnimationPlayer" parent="." index="2"]

root_node = NodePath("..")
autoplay = ""
playback_process_mode = 1
playback_default_blend_time = 0.0
playback_speed = 1.0
anims/Pickup = SubResource( 3 )
anims/Wobble = SubResource( 4 )
blend_times = [  ]
_sections_unfolded = [ "Playback Options" ]

[node name="CoinSond" type="AudioStreamPlayer" parent="." index="3"]

stream = ExtResource( 8 )
volume_db = -15.0
pitch_scale = 1.0
autoplay = false
mix_target = 0
bus = "SFX"

[connection signal="body_entered" from="." to="." method="_on_Coin_body_entered"]


